<?xml version="1.0" encoding="UTF-8"?><collection xmlns="http://www.loc.gov/MARC21/slim"><record><leader>00617nam--2200181-i-4500</leader><controlfield tag="001">000028770</controlfield><controlfield tag="002">20161230</controlfield><controlfield tag="005">20161230201037</controlfield><controlfield tag="008">060222s1000------------r-----000-0-fre-d</controlfield><datafield ind1=" " ind2=" " tag="040"><subfield code="a">IFIN-HH</subfield></datafield><datafield ind1=" " ind2=" " tag="041"><subfield code="a">fre</subfield></datafield><datafield ind1=" " ind2=" " tag="080"><subfield code="a">535.34(043)</subfield></datafield><datafield ind1="1" ind2=" " tag="100"><subfield code="a">Le Paillier-malecot, Annic</subfield></datafield><datafield ind1="1" ind2="0" tag="245"><subfield code="a">Etude du spectre d`absorbtion optique de l`ion mn2+ dans des cristaux de differentes symetries en phases paramagnetique et antiferromagnetique, 1972</subfield><subfield code="b">These</subfield><subfield code="c">Annic le paillier-malecot</subfield></datafield><datafield ind1=" " ind2=" " tag="260"><subfield code="a">Paris</subfield><subfield code="b">L`Universite De Paris Vi</subfield><subfield code="c">1972</subfield></datafield><datafield ind1=" " ind2=" " tag="300"><subfield code="a">11P. + /429-439</subfield></datafield><datafield ind1=" " ind2=" " tag="852"><subfield code="a">40355</subfield><subfield code="c">535.33</subfield></datafield><datafield ind1=" " ind2=" " tag="CAT"><subfield code="a">Sys</subfield><subfield code="c">20101206</subfield><subfield code="h">142921</subfield></datafield></record></collection>